5166 6654
785 723 1338 247 rioremue fecerit adtaqui¬

808 924 1258 198 lia ‧ cenaf iniuriarumque e¬

802 1073 1236 201 rit agendum. Ergo et si pretio

795 1186 1300 222 quidem non sit deterior fae¬

806 1349 1318 189 tus seruus uerum sumptus

781 1497 1264 174 in alte eius et sanite facti

777 1631 1296 201 sunt. In hęc nec mihi uideri

773 1760 1311 232 damni aquilia lege posse

765 1951 1109 179 KAPITULUM ‧ XX ‧ IDEM ‧

811 2080 1300 234 aulus ‧ liber singulorum tituli

796 2234 1253 233 de iniuriis generaliter dicitur

758 2396 1330 189 iniuria ‧ omne quod non iurę fit

752 2540 1400 161 specialiter Alia est contumelia

758 2676 1357 240 quam grecra dicent Nam

752 2814 1307 217 cum preter non aduersus nos

752 3004 1352 213 praenuntiat iniuriam ‧ nos acce¬

758 3143 1311 212 pisse dicimus. Unde appe¬

793 3307 1285 209 ret nos esse uerum quod libet

777 3438 1310 190 putabat apud pretorem iniu¬

785 3587 1308 209 riam ‧ imbrim dumtaxat

770 3751 1154 191 significare communem

711 3883 1356 231 Omnibus enim iuris est

763 4071 1308 208 quod semper aduersus bonos

767 4212 1370 231 mores fit. Idque non fierit

770 4348 1322 179 alicuius interest ‧ hoc edic¬

779 4485 1438 241 tam ad eam iniuriam pertinet.

754 4656 1426 158 Quę contumeliae causa

767 4812 1380 226 fit ‧ quid autem iniuria uel

811 4943 1297 205 in corpore dum cedimur ‧

799 5083 1301 224 uel in uerbis dum conuicium

763 5242 1371 238 patimur ‧ uel cum dignita¬

2575 749 1156 223 tem leditur ‧ uel cum ma¬

2575 934 1179 206 tronę uel pretextate comi¬

2595 1066 1185 209 tes adducuntur iniuri¬

2582 1206 1177 227 arum actio ‧ ad legiti¬

2593 1372 1208 201 ma est. Aut honerariam

2579 1510 1219 231 legitimam ex legem xii

2594 1682 1189 173 tabularum. Qui iniuram

2570 1813 1267 203 alteri facit quinque ex iur¬

2574 1974 1215 223 gitire si trium poenam

2598 2086 1238 249 subit ‧ quę lex generalis

2577 2240 1227 229 fuit ‧ Fuerint et speci¬

2579 2379 1198 180 ales uelut manifestus

2572 2531 1218 201 fregit ‧ libero ccc ser¬

2565 2659 1196 216 uo ad poenam KAPITULUM XXI.

2555 2809 1264 245 dem paulus ‧ eodem libro

2582 2969 1202 256 singulornum subtitulo

2583 3148 1286 232 quemadmodum iniuria

2611 3342 1103 179 agatur ‧ qui autem ‧

2591 3451 1168 213 Iniuriam inquid agit ‧ c ‧

2579 3601 1295 209 dicat ‧ quid iniuriam factum

2585 3800 1294 164 sit. Et taxationem ponat

2571 3920 1280 193 non minorem quanti uadi¬

2580 4062 1224 193 monium fuerit ‧ certum

2574 4197 1241 193 dicit qui suo nomine de¬

2559 4335 1292 194 monstrat iniuriam ‧ se ita

2581 4514 1285 178 completi ut omnes eas acci¬

2580 4675 1147 193 disse cogatur probare.

2509 4788 1418 206 Certum aut incertum dicat

2549 4940 1373 216 cogitio ‧ ipsius pretoris est

2510 5092 1373 166 Demonstrata autem ‧ hoc

2541 5233 1292 210 loco praetor Non uocem age¬
